@article{bengio2013representation,
  title={Representation learning: A review and new perspectives},
  author={Bengio, Yoshua and Courville, Aaron and Vincent, Pascal},
  journal={Pattern Analysis and Machine Intelligence, IEEE Transactions on},
  volume={35},
  number={8},
  pages={1798--1828},
  year={2013},
  publisher={IEEE}
}

@article{cohen2014learning,
  title={Learning the irreducible representations of commutative Lie groups},
  author={Cohen, Taco and Welling, Max},
  journal={arXiv preprint arXiv:1402.4437},
  year={2014}
}


@inproceedings{reed2014learning,
  title={Learning to disentangle factors of variation with manifold interaction},
  author={Reed, Scott and Sohn, Kihyuk and Zhang, Yuting and Lee, Honglak},
  booktitle={Proceedings of the 31st International Conference on Machine Learning (ICML-14)},
  pages={1431--1439},
  year={2014}
}

@article{cheung2014discovering,
  title={Discovering Hidden Factors of Variation in Deep Networks},
  author={Cheung, Brian and Livezey, Jesse A and Bansal, Arjun K and Olshausen, Bruno A},
  journal={arXiv preprint arXiv:1412.6583},
  year={2014}
}

@article{kingma2013auto,
  title={Auto-encoding variational bayes},
  author={Kingma, Diederik P and Welling, Max},
  journal={arXiv preprint arXiv:1312.6114},
  year={2013}
}

@inproceedings{palla2012nonparametric,
  title={A nonparametric variable clustering model},
  author={Palla, Konstantina and Ghahramani, Zoubin and Knowles, David A},
  booktitle={Advances in Neural Information Processing Systems},
  pages={2987--2995},
  year={2012}
}

@inproceedings{marlin2009sparse,
  title={Sparse Gaussian graphical models with unknown block structure},
  author={Marlin, Benjamin M and Murphy, Kevin P},
  booktitle={Proceedings of the 26th Annual International Conference on Machine Learning},
  pages={705--712},
  year={2009},
  organization={ACM}
}


@inproceedings{zhou2010exclusive,
  title={Exclusive lasso for multi-task feature selection},
  author={Zhou, Yang and Jin, Rong and Hoi, Steven},
  booktitle={International Conference on Artificial Intelligence and Statistics},
  pages={988--995},
  year={2010}
}
